@article{Bernstein:2008:PVF:1746259.1746260,
 author = {Bernstein, Michael S. and Tan, Desney and Smith, Greg and Czerwinski, Mary and Horvitz, Eric},
 title = {Personalization via Friendsourcing},
 journal = {ACM Trans. Comput.-Hum. Interact.},
 issue_date = {May 2010},
 volume = {17},
 number = {2},
 month = may,
 year = {2008},
 issn = {1073-0516},
 pages = {6:1--6:28},
 articleno = {6},
 numpages = {28},
 url = {http://doi.acm.org/10.1145/1746259.1746260},
 doi = {10.1145/1746259.1746260},
 acmid = {1746260},
 publisher = {ACM},
 address = {New York, NY, USA},
 keywords = {Social computing, friendsourcing, human computation, social tagging},
}

@article{gazan2011social,
  title={Social q\&a},
  author={Gazan, Rich},
  journal={Journal of the American Society for Information Science and Technology},
  volume={62},
  number={12},
  pages={2301--2312},
  year={2011},
  publisher={Wiley Online Library}
}

@article{rosenbaum2010structuration,
  title={A structuration approach to online communities of practice: The case of Q\&A communities},
  author={Rosenbaum, Howard and Shachaf, Pnina},
  journal={Journal of the American Society for Information Science and Technology},
  volume={61},
  number={9},
  pages={1933--1944},
  year={2010},
  publisher={Wiley Online Library}
}

@book{kling2005understanding,
  title={Understanding and communicating social informatics: A framework for studying and teaching the human contexts of information and communication technologies},
  author={Kling, Rob and Rosenbaum, Howard and Sawyer, Steve},
  year={2005},
  publisher={Information Today, Inc.}
}

@article{shah2009research,
  title={Research agenda for social Q\&A},
  author={Shah, Chirag and Oh, Sanghee and Oh, Jung Sun},
  journal={Library \& Information Science Research},
  volume={31},
  number={4},
  pages={205--209},
  year={2009},
  publisher={Elsevier}
}

@article{brabham2008crowdsourcing,
  title={Crowdsourcing as a model for problem solving an introduction and cases},
  author={Brabham, Daren C},
  journal={Convergence: the international journal of research into new media technologies},
  volume={14},
  number={1},
  pages={75--90},
  year={2008},
  publisher={Sage Publications}
}

@article{ellison2007social,
  title={Social network sites: Definition, history, and scholarship},
  author={Ellison, Nicole B and others},
  journal={Journal of Computer-Mediated Communication},
  volume={13},
  number={1},
  pages={210--230},
  year={2007},
  publisher={Wiley Online Library}
}

@article{portes2000social,
  title={Social capital: Its origins and applications in modern sociology},
  author={Portes, Alejandro},
  journal={LESSER, Eric L. Knowledge and Social Capital. Boston: Butterworth-Heinemann},
  pages={43--67},
  year={2000}
}